<record><leader>00000cas a2200000 a 4500</leader><controlfield tag="001">35453067</controlfield><controlfield tag="007">hd afb021bacp</controlfield><controlfield tag="007">hd bfb021baap</controlfield><controlfield tag="007">hd bfb021babp</controlfield><controlfield tag="008">960910d191u19uufludn nea     0    0eng c</controlfield><datafield ind1=" " ind2=" " tag="010"><subfield code="a">sn 96027680 </subfield></datafield><datafield ind1=" " ind2=" " tag="040"><subfield code="a">FUG</subfield><subfield code="b">eng</subfield><subfield code="c">FUG</subfield><subfield code="d">OCLCQ</subfield><subfield code="d">OCLCF</subfield><subfield code="d">OCLCO</subfield><subfield code="d">OCLCQ</subfield></datafield><datafield ind1=" " ind2=" " tag="012"><subfield code="i">9609</subfield></datafield><datafield ind1=" " ind2=" " tag="037"><subfield code="b">George A. Smathers Libraries, University of Florida, Preservation Office, Gainesville, FL 32611</subfield></datafield><datafield ind1=" " ind2=" " tag="042"><subfield code="a">pcc</subfield></datafield><datafield ind1=" " ind2=" " tag="043"><subfield code="a">n-us-fl</subfield></datafield><datafield ind1="0" ind2="0" tag="245"><subfield code="a">Palatka morning post.</subfield></datafield><datafield ind1=" " ind2=" " tag="260"><subfield code="a">Palatka, Fla. :</subfield><subfield code="b">H.P. Nerwich</subfield></datafield><datafield ind1=" " ind2=" " tag="300"><subfield code="a">volumes</subfield></datafield><datafield ind1=" " ind2=" " tag="310"><subfield code="a">Daily (except Sunday)</subfield></datafield><datafield ind1=" " ind2=" " tag="336"><subfield code="a">text</subfield><subfield code="b">txt</subfield><subfield code="2">rdacontent</subfield></datafield><datafield ind1=" " ind2=" " tag="337"><subfield code="a">microform</subfield><subfield code="b">h</subfield><subfield code="2">rdamedia</subfield></datafield><datafield ind1=" " ind2=" " tag="338"><subfield code="a">microfilm reel</subfield><subfield code="b">hd</subfield><subfield code="2">rdacarrier</subfield></datafield><datafield ind1=" " ind2=" " tag="500"><subfield code="a">"Official organ of the City of Palatka."</subfield></datafield><datafield ind1=" " ind2=" " tag="588"><subfield code="a">Description based on: Vol. 3, no. 21 (Oct. 7, 1916).</subfield></datafield><datafield ind1=" " ind2=" " tag="588"><subfield code="a">Latest issue consulted: Vol. 6, no. 311 (Dec. 30, 1920).</subfield></datafield><datafield ind1=" " ind2=" " tag="533"><subfield code="a">Microfilm.</subfield><subfield code="m">v.6:no. 94-311 (Jan. 1-Dec. 30, 1920):[Gaps]</subfield><subfield code="b">Gainesville, FL :</subfield><subfield code="c">George A. Smathers Libraries, University of Florida,</subfield><subfield code="d">1993.</subfield><subfield code="e">21 microfilm reels ; 35 mm.</subfield></datafield><datafield ind1=" " ind2=" " tag="539"><subfield code="a">d</subfield><subfield code="b">1920</subfield><subfield code="c">1920</subfield><subfield code="d">flu</subfield><subfield code="e">u</subfield><subfield code="f">u</subfield><subfield code="g">a</subfield></datafield><datafield ind1=" " ind2="0" tag="651"><subfield code="a">Palatka (Fla.)</subfield><subfield code="v">Newspapers.</subfield></datafield><datafield ind1=" " ind2="0" tag="651"><subfield code="a">Putnam County (Fla.)</subfield><subfield code="v">Newspapers.</subfield></datafield><datafield ind1=" " ind2="7" tag="651"><subfield code="a">Florida</subfield><subfield code="z">Palatka.</subfield><subfield code="2">fast</subfield><subfield code="0">(OCoLC)fst01215854</subfield></datafield><datafield ind1=" " ind2="7" tag="651"><subfield code="a">Florida</subfield><subfield code="z">Putnam County.</subfield><subfield code="2">fast</subfield><subfield code="0">(OCoLC)fst01214942</subfield></datafield><datafield ind1=" " ind2="7" tag="655"><subfield code="a">Newspapers.</subfield><subfield code="2">fast</subfield><subfield code="0">(OCoLC)fst01423814</subfield></datafield><datafield ind1=" " ind2=" " tag="752"><subfield code="a">United States</subfield><subfield code="b">Florida</subfield><subfield code="c">Putnam</subfield><subfield code="d">Palatka.</subfield></datafield><datafield ind1="1" ind2=" " tag="776"><subfield code="c">Original</subfield><subfield code="w">(DLC)sn 95047292</subfield><subfield code="w">(OCoLC)33483888</subfield></datafield><datafield ind1=" " ind2=" " tag="850"><subfield code="a">FU</subfield><subfield code="a">FU (master)</subfield></datafield><datafield ind1="1" ind2=" " tag="029"><subfield code="a">AU@</subfield><subfield code="b">000012850356</subfield></datafield></record>